<record><leader>00000cas a2200000 a 4500</leader><controlfield tag="001">10900544</controlfield><controlfield tag="008">840629d18551881mauwr ne      0   a0eng c</controlfield><datafield ind1=" " ind2=" " tag="010"><subfield code="a">sn 84023566 </subfield></datafield><datafield ind1=" " ind2=" " tag="040"><subfield code="a">AQM</subfield><subfield code="b">eng</subfield><subfield code="c">AQM</subfield><subfield code="d">NPX</subfield><subfield code="d">NPA</subfield><subfield code="d">NPY</subfield><subfield code="d">NPU</subfield><subfield code="d">NPA</subfield><subfield code="d">DLC</subfield><subfield code="d">MGN</subfield><subfield code="d">NVF</subfield><subfield code="d">MGN</subfield><subfield code="d">HUL</subfield><subfield code="d">OCL</subfield><subfield code="d">CVF</subfield><subfield code="d">OCLCG</subfield><subfield code="d">DLC</subfield><subfield code="d">OCLCQ</subfield><subfield code="d">OCLCF</subfield><subfield code="d">OCLCO</subfield></datafield><datafield ind1="1" ind2=" " tag="029"><subfield code="a">AU@</subfield><subfield code="b">000003324789</subfield></datafield><datafield ind1=" " ind2=" " tag="042"><subfield code="a">pcc</subfield></datafield><datafield ind1=" " ind2=" " tag="043"><subfield code="a">n-us-ma</subfield></datafield><datafield ind1="0" ind2="0" tag="050"><subfield code="a">Newspaper</subfield></datafield><datafield ind1="0" ind2="4" tag="245"><subfield code="a">The Boston statesman and weekly post.</subfield></datafield><datafield ind1="1" ind2="3" tag="246"><subfield code="a">Boston statesman</subfield></datafield><datafield ind1=" " ind2=" " tag="260"><subfield code="a">Boston [Mass.] :</subfield><subfield code="b">Beals, Greene and Co.,</subfield><subfield code="c">1855-1881.</subfield></datafield><datafield ind1=" " ind2=" " tag="300"><subfield code="a">v. :</subfield><subfield code="b">ill. (chiefly advertisements) ;</subfield><subfield code="c">80 cm.</subfield></datafield><datafield ind1=" " ind2=" " tag="310"><subfield code="a">Weekly</subfield></datafield><datafield ind1="0" ind2=" " tag="362"><subfield code="a">New ser., v. 27, no. 22 (Jan. 27, 1855)-v. 55, no. 52 (Dec. 30, 1881).</subfield></datafield><datafield ind1=" " ind2=" " tag="515"><subfield code="a">Drops "new ser." from numbering, 1857.</subfield></datafield><datafield ind1=" " ind2=" " tag="580"><subfield code="a">Daily ed.: Boston post (Boston, Mass. : Daily).</subfield></datafield><datafield ind1=" " ind2=" " tag="580"><subfield code="a">Semiweekly eds.: Boston press and post, 1855-1881, and: Boston post (Boston, Mass. : Semiweekly), 1881.</subfield></datafield><datafield ind1=" " ind2=" " tag="580"><subfield code="a">Presidential election campaign eds.: Campaign post (Boston, Mass. : 1856), 1856, and: Campaign post (Boston, Mass. : 1860), 1860.</subfield></datafield><datafield ind1=" " ind2="0" tag="651"><subfield code="a">Boston (Mass.)</subfield><subfield code="v">Newspapers.</subfield></datafield><datafield ind1=" " ind2="7" tag="655"><subfield code="a">Newspapers.</subfield><subfield code="2">fast</subfield><subfield code="0">(OCoLC)fst01423814</subfield></datafield><datafield ind1=" " ind2="7" tag="651"><subfield code="a">Massachusetts</subfield><subfield code="z">Boston.</subfield><subfield code="2">fast</subfield><subfield code="0">(OCoLC)fst01205012</subfield></datafield><datafield ind1="1" ind2=" " tag="700"><subfield code="a">Greene, Charles G.</subfield><subfield code="q">(Charles Gordon),</subfield><subfield code="d">1804-1886.</subfield></datafield><datafield ind1=" " ind2=" " tag="752"><subfield code="a">United States</subfield><subfield code="b">Massachusetts</subfield><subfield code="c">Suffolk</subfield><subfield code="d">Boston.</subfield></datafield><datafield ind1="1" ind2=" " tag="775"><subfield code="t">Boston post (Boston, Mass. : Daily)</subfield><subfield code="w">(DLC)sn 84023564</subfield><subfield code="w">(OCoLC)10897611</subfield></datafield><datafield ind1="1" ind2=" " tag="775"><subfield code="t">Boston press and post</subfield><subfield code="w">(DLC)sn 84023565</subfield><subfield code="w">(OCoLC)10897425</subfield></datafield><datafield ind1="1" ind2=" " tag="775"><subfield code="t">Boston post (Boston, Mass. : Semiweekly)</subfield><subfield code="w">(DLC)sn 91058066</subfield></datafield><datafield ind1="1" ind2=" " tag="775"><subfield code="t">Campaign post (Boston, Mass. : 1856)</subfield><subfield code="w">(DLC)sn 85042419</subfield><subfield code="w">(OCoLC)12384025</subfield></datafield><datafield ind1="1" ind2=" " tag="775"><subfield code="t">Campaign post (Boston, Mass. : 1860)</subfield><subfield code="w">(DLC)sn 93059253</subfield></datafield><datafield ind1="0" ind2="0" tag="780"><subfield code="t">Boston statesman (Boston, Mass. : Weekly)</subfield><subfield code="w">(DLC)sn 84023561</subfield><subfield code="w">(OCoLC)9355303</subfield></datafield><datafield ind1="0" ind2="0" tag="785"><subfield code="t">Boston weekly post</subfield><subfield code="w">(DLC)sn 91058065</subfield><subfield code="w">(OCoLC)2258528</subfield></datafield><datafield ind1=" " ind2=" " tag="850"><subfield code="a">MH</subfield></datafield></record>